@misc{gould2013limit,
      title={Limit Order Books}, 
      author={Martin D. Gould and Mason A. Porter and Stacy Williams and Mark McDonald and Daniel J. Fenn and Sam D. Howison},
      year={2013},
      eprint={1012.0349},
      archivePrefix={arXiv},
      primaryClass={q-fin.TR}
}

@article{DBLP:journals/corr/OordDZSVGKSK16,
  author    = {A{\"{a}}ron van den Oord and
               Sander Dieleman and
               Heiga Zen and
               Karen Simonyan and
               Oriol Vinyals and
               Alex Graves and
               Nal Kalchbrenner and
               Andrew W. Senior and
               Koray Kavukcuoglu},
  title     = {WaveNet: {A} Generative Model for Raw Audio},
  journal   = {CoRR},
  volume    = {abs/1609.03499},
  year      = {2016},
  url       = {http://arxiv.org/abs/1609.03499},
  archivePrefix = {arXiv},
  eprint    = {1609.03499},
  timestamp = {Mon, 13 Aug 2018 16:49:15 +0200},
  biburl    = {https://dblp.org/rec/journals/corr/OordDZSVGKSK16.bib},
  bibsource = {dblp computer science bibliography, https://dblp.org}
}

@incollection{bhansali2003prediction,
  title={Prediction of long-memory time series: a tutorial review},
  author={Bhansali, RJ and Kokoszka, PS},
  booktitle={Processes with Long-Range Correlations},
  pages={3--21},
  year={2003},
  publisher={Springer}
}

@article{zhao2020rnn,
  title={Do RNN and LSTM have Long Memory?},
  author={Zhao, Jingyu and Huang, Feiqing and Lv, Jia and Duan, Yanjie and Qin, Zhen and Li, Guodong and Tian, Guangjian},
  journal={arXiv preprint arXiv:2006.03860},
  year={2020}
}